@Manual{xaringan-pkg,
    title = {xaringan: Presentation Ninja},
    author = {Yihui Xie},
    year = {2019},
    note = {R package version 0.9},
    url = {https://CRAN.R-project.org/package=xaringan},
}

@Book{ggplot-book,
    author = {Hadley Wickham},
    title = {ggplot2: Elegant Graphics for Data Analysis},
    publisher = {Springer-Verlag New York},
    year = {2016},
    isbn = {978-3-319-24277-4},
  url = {https://ggplot2.tidyverse.org},
}
